<?xml version="1.0" encoding="UTF-8"?><record xmlns="http://www.loc.gov/MARC21/slim" xmlns:cinclude="http://apache.org/cocoon/include/1.0" xmlns:zs="http://www.loc.gov/zing/srw/">
  <leader>00466cz  a2200133n  4500</leader>
  <controlfield tag="001">n  85328778 </controlfield>
  <controlfield tag="003">DLC</controlfield>
  <controlfield tag="005">20141209083703.0</controlfield>
  <controlfield tag="008">861114n| azannaab           |n aaa      </controlfield>
  <datafield tag="010" ind1=" " ind2=" ">
    <subfield code="a">n  85328778 </subfield>
  </datafield>
  <datafield tag="040" ind1=" " ind2=" ">
    <subfield code="a">DLC</subfield>
    <subfield code="b">eng</subfield>
    <subfield code="e">rda</subfield>
    <subfield code="c">DLC</subfield>
    <subfield code="d">DLC</subfield>
  </datafield>
  <datafield tag="046" ind1=" " ind2=" ">
    <subfield code="f">1915</subfield>
  </datafield>
  <datafield tag="100" ind1="1" ind2=" ">
    <subfield code="a">Alcaraz, Ramon A.,</subfield>
    <subfield code="d">1915-</subfield>
  </datafield>
  <datafield tag="670" ind1=" " ind2=" ">
    <subfield code="a">Rodriguez, E.O. Commodore Alcaraz, c1986:</subfield>
    <subfield code="b">t.p. (Commodore Alcaraz) p. 19 (Ramon A. Alcaraz) p. 111, etc. (b. 8-31-1915, served in the Philippine Navy, lives in the US)</subfield>
  </datafield>
</record>